@book{Canals95,
    author    = "Canals, S.",
    title     = "San Juan Bosco, Obras Fundamentales",
    year      = "1995",
    publisher = "Biblioteca de Autores Cristianos",
    address   = "Madrid, España"
}

@book{Morales09,
   	author    = "Morales, S.D.B., Pbro. E.",
	title     = "Escuela (Salesiana) al Alcance de los más Necesitados en Irapuato -- Borrador de Proyecto",
	year      = "2009",
	address   = "Irapuato, Guanajuato, México"
}

@Misc{Inegi2005,
	author    = "INEGI",
	title     = "Conteo de Población y Vivienda",
	year      = "2005",
	note      = "\\ \texttt{http://www.inegi.org.mx/est/contenidos/espanol/soc/sis/sisept/default.aspx?\\
				 	t=medu14{\&}s=est{\&}c=3282}"
}

@Misc{BANXICO,
	author    = "BANXICO",
	title     = "{Banco Nacional de México}",
	year      = "2010",
	note      = "\\ \texttt{http://www.banxico.org.mx/}"
}

@Misc{Inegi2000,
	author    = "INEGI",
	title	  = "Censo General de Población y Vivienda",
	year      = "2000",
	note      = "\\ \texttt{http://www.inegi.org.mx/sistemas/olap/proyectos/bd/consulta.asp?\\
					p=14048{\&}c=10252{\&}s=est}"
}

@Misc{Seg2010,
	author    = "SEG",
	title     = "Secretaría de Educación de Guanajuato -- Consulta Estadísticas e Indicadores Educativos",
	year      = "2010",
	note	  = "\\ \texttt{http://portal.seg.guanajuato.gob.mx/sieeg/}"
}

@Misc{Coneval2009,
	author	  = "CONEVAL",
	title	  = "Evolución de la Pobreza en el Estado de Guanajuato",
	year	  = "2009",
	note	  = "\\ \texttt{http://www.coneval.gob.mx/contenido/prensa/6029.pdf}"
}

@Misc{Cordero07,
	author	  = "Cordero Domínguez, José de Jesús",
	title	  = "\\ Fragmentación Social en la Ciudad de Irapuato, Guanajuato",
	year	  = "2007",
	note	  = "\\ \texttt{http://www.ub.es/geocrit/9porto/jesuscor.htm}"
}

@Misc{INEGI-2009-DGES-003,
	author	  = "INEGI-2009-DGES-003",
	title	  = "Encuesta de Ingresos y Gastos de los Hogares 2008 Guanajuato",
	year	  = "2008",
	note	  = "\\ \texttt{http://mapas.guanajuato.gob.mx/nada/ddibrowser/?id=7}"
}

@book{PMBOK2008,
    author    = "PMI",
    title     = "Project Management Body of Knowledge",
    year      = "2008",
    publisher = "Project Management Institute",
    edition   = "4th"
}

@Article{AM2010,
	author	  = {Marcocchio, Jennifer},
	title 	  = {Vende Irapuato terrenos a muy bajo costo},
	journal	  = {A.M.com.mx},
	year	  = {2010},
	OPTmonth  = {oct},
	OPTnote	  = {\texttt{http://www.am.com.mx/Nota.aspx?ID=409230}},
}

@book{GRED1965,
    author    = "{VATICANO-II}",
    title     = "Concilio Ecuménico Vaticano II -- Declaración \emph{Gravissimum Educationis} sobre la Educación Cristiana de la Juventud",
    year      = "1965",
    publisher = "Librería Parroquial de Clavería",
    address   = "México, D.F."
}

@Misc{Conant2004,
	author    = "Marco Antonio Conant Pablos",
	title     = "Curso de Ingeniería Económica",
	year      = 2004,
	note      = "Instituto Tecnológico de Sonora \\ 
				 \texttt{http://antiguo.itson.mx/dii/mconant/materias/ingeco/programa.htm}"
}

@book{BenedictoXVI2009,
    author    = "BenedictoXVI",
    title     = "Caritas in Veritate -- Sobre el Desarrollo Humano Integral en la Caridad y en la Verdad",
    year      = "2009",
    publisher = "Instituto Mexicano de Doctrina Social Cristiana",
    address   = "México, D.F."
}

@book{Leland2006,
    author	  = {Leland, Blank},
    title	  = {Ingeniería Económica},
    publisher = {McGraw-Hill},
    year	  = {2006},
    address	  = {México, D.F.}
}

@book{Moreno2005,
    author	  = {Moreno Fernández, Joaquín},
    title	  = {Contabilidad Básica},
    publisher = {CECSA},
    year	  = {2005},
    edition	  = {2a Edición}
}

@book{SAPAG2007,
    author	  = {Sapag Chain, Nassir},
    title	  = {Proyectos de Inversión, Formulación y Evaluación},
    publisher = {Pearson},
    year	  = {2007},
    address   = {México, D.F.}
}

@book{COSS2000,
    author	  = {Coss Bu, Raúl},
    title	  = {Análisis y Evaluación de Proyectos de Inversión},
    publisher = {Limusa},
    year	  = {2000},
    address   = {México, D.F.},
    edition	  = {2a Edición}
}

@Misc{GoogleMaps2010,
	author    = "Google\texttrademark{}Maps\textcopyright",
	year      = "2010",
	note      = "\\ \texttt{http://maps.google.com/}"
}

@book{Horngren2000introduccion,
  title="Introducci{\'o}n a la contabilidad financiera",
  author="Horngren, C.T. and Sundem, G.L. and Elliott, J.A.",
  isbn="9789701703861",
  series="Universitarios (Editorial Pearson Educación)",
  url="http://books.google.com/books?id=-BJyun6IDP8C",
  year="2000",
  publisher="Pearson Educaci{\'o}n",
  language="spanish"
}

@book{Brigham2005fundamentos,
  title="Fundamentos de administraci{\'o}n financiera",
  author="Brigham, E.F. and Houston, J.F.",
  isbn="9789706864314",
  url="http://books.google.com/books?id=OUlMl9PiEAgC",
  year="2005",
  publisher="Thomson Learning",
  language="spanish"
}

@book{Moyer2004administracion,
  title="Administraci{\'o}n financiera contempor{\'a}nea",
  author="Moyer, R.C. and McGuigan, J.R. and Kretlow, W.J.",
  isbn="9789706863515",
  url="http://books.google.com/books?id=4x2kZiShIggC",
  year="2004",
  publisher="Thomson",
  language="spanish"
}

@book{Gitman2003principios,
  title="Principios de administraci{\'o}n financiera",
  author="Gitman, L.J. and Ramos, E.N.",
  isbn="9789702604280",
  url="http://books.google.com/books?id=CNVLBWkNyYQC",
  year="2003",
  publisher="Pearson Education",
  language="spanish"
}

@book{Van2003fundamentos,
  title="Fundamentos de administraci{\'o}n financiera",
  author="Van, H. and Horne, J.C.V.",
  isbn="9789702602385",
  url="http://books.google.com/books?id=ziiCVbfGK3UC",
  year="2003",
  publisher="Pearson Education",
  language="spanish"
}

@book{dobarganes2005contabilidad,
  title={{Contabilidad y finanzas para no Contadores/ Accounting and Finance For Non Accountants}},
  author={Dobarganes, F.J.C.},
  year={2005},
  publisher={Editorial Limusa, S.A. de C.V.}
}

@book{mejia2006diccionario,
  title={{Diccionario econ\'{o}mico financiero}},
  author={Mej\'{\i}a, V.C.},
  year={2006},
  publisher={Universidad de Medell\'{\i}n}
}

@book{brock1987contabilidad,
  title={{Contabilidad: principios y aplicaciones}},
  author={Brock, H.R.},
  year={1987},
  publisher={Editorial Revert\'{e}}
}

@book{novoa2008finanzas,
  title={{Finanzas para no financistas}},
  author={Novoa, A.B.},
  year={2008},
  publisher={Pontificia Universidad Javeriana}
}

@book{bodie2003finanzas,
  title={{Finanzas}},
  author={Bodie, Z. and Merton, R.C. and Guerrero, F.R.},
  year={2003},
  publisher={Pearson Educaci\'{o}n}
}

@Misc{Inegi2010Enoe,
	author    = "INEGI",
	title     = "Encuesta Nacional de Ocupación y Empleo",
	year      = "2009-2010",
	note      = "\\
				\texttt{http://www.inegi.org.mx/sistemas/tabuladosbasicos2/indesttrim.aspx?\\
				c=26232{\&}s=est}"
}

@Misc{Inegi2005pGto,
	author    = "INEGI",
	title     = "Perspectiva Estadística Guanajuato",
	year      = "2005",
	note      = "Disponible en:\\
				\texttt{http://www.cofoce.gob.mx/a{\_}web/2007/inicio/inicio{\_}new/index.cfm}"
}

@Misc{Inegi2009pGto,
	author    = "INEGI",
	title     = "Perspectiva Estadística Guanajuato",
	year      = "2009",
	note      = "Disponible en:\\
				\texttt{http://seip.guanajuato.gob.mx/index.php/biblioteca-virtual/}"
}

@Misc{CIDE2010,
	author    = "CIDE",
	title     = "Incidencia delictiva según el Sistema Nacional de Seguridad Pública -- Guanajuato",
	year      = "2010",
	note      = "Con actualizaciones periódicas: \\
				\texttt{http://www.seguridadpublicacide.org.mx/cms/estadisticas-oficiales-de-seguridad-publica/incidencia-delictiva/6517-incidencia-delictiva-por-estado.html}"
}

@Misc{AgileManifesto2001,
    author    = "Kent Beck and Mike Beedle and Arie van Bennekum and Alistair Cockburn and Martin Fowler and Dave Thomas",
    title     = "Manifesto for Agile Software Development",
    year      = "2001",
    note      = "\texttt{http://agilemanifesto.org/}"
}

@Misc{Wells2009,
    author    = "Don Wells",
    title     = "Extreme Programming: A gentle introduction",
    year      = "2009",
    note      = "\texttt{http://www.extremeprogramming.org/}"
}

@Misc{Scrum2010,
    author    = "ScrumAlliance",
    title     = "Scrum Alliance -- Transforming the World of Work",
    year      = "2010",
    note      = "Con actualizaciones periódicas: \\
                \texttt{http://www.scrumalliance.org/}"
}

Considerar usar: http://www.leanessays.com/2010/11/lean-programming.html
@Misc{Poppendieck2001,
    author    = "Mary Poppendieck",
    title     = "Lean Programming",
    year      = "2001",
    note      = "Con actualizaciones periódicas: \\
                \texttt{http://www.leanessays.com/}"
}
